@INPROCEEDINGS{Holder,
    author = {Akintayo O. Holder and Christopher D. Carothers},
    title = {Analysis of time warp on a 32,768 processor ibm blue gene/l supercomputer},
    booktitle = {in 2008 Proceedings European Modeling and Simulation Symposium (EMSS},
    year = {2008}
}

@inproceedings{Bauer,
 author = {Bauer Jr., David W. and Carothers, Christopher D. and Holder, Akintayo},
 title = {Scalable Time Warp on Blue Gene Supercomputers},
 booktitle = {Proceedings of the 2009 ACM/IEEE/SCS 23rd Workshop on Principles of Advanced and Distributed Simulation},
 series = {PADS '09},
 year = {2009},
 isbn = {978-0-7695-3713-9},
 pages = {35--44},
 numpages = {10},
 url = {http://dx.doi.org/10.1109/PADS.2009.21},
 doi = {10.1109/PADS.2009.21},
 acmid = {1577971},
 publisher = {IEEE Computer Society},
 address = {Washington, DC, USA},
 keywords = {Time Warp, Blue Gene Supercomputer},
} 

@inproceedings{DragonVis,
  title={Evaluating System Parameters on a Dragonfly Using Simulation and Visualization},
  author={Abhinav Bhatele and Nikhil Jain and Yarden Livnat and Valerio Pascucci and Bremer},
  year={2015}
}

@inproceedings{cheng,
  title={TorusVis\^{} ND: Unraveling High-Dimensional Torus Networks for Network Traffic Visualizations},
  author={Cheng, Shenghui and De, Pradipta and Jiang, Shaofeng H-C and Mueller, Klaus},
  booktitle={Visual Performance Analysis (VPA), 2014 First Workshop on},
  pages={9--16},
  year={2014},
  organization={IEEE}
}

@inproceedings{jia,
  title={Social network clustering and visualization using hierarchical edge bundles},
  author={Jia, Yuntao and Garland, Michael and Hart, John C},
  booktitle={Computer Graphics Forum},
  volume={30},
  pages={2314--2327},
  year={2011},
  organization={Wiley Online Library}
}

@inproceedings{hauser,
  title={Angular brushing of extended parallel coordinates},
  author={Hauser, Helwig and Ledermann, Florian and Doleisch, Helmut},
  booktitle={Information Visualization, 2002. INFOVIS 2002. IEEE Symposium on},
  pages={127--130},
  year={2002},
  organization={IEEE}
}

@article{carothers,
  title={ROSS: A high-performance, low-memory, modular Time Warp system},
  author={Carothers, Christopher D and Bauer, David and Pearce, Shawn},
  journal={Journal of Parallel and Distributed Computing},
  volume={62},
  number={11},
  pages={1648--1669},
  year={2002},
  publisher={Elsevier}
}

@inproceedings{Dragonfly,
 author = {Mubarak, Misbah and Carothers, Christopher D. and Ross, Robert and Carns, Philip},
 title = {Modeling a Million-Node Dragonfly Network Using Massively Parallel Discrete-Event Simulation},
 booktitle = {Proceedings of the 2012 SC Companion: High Performance Computing, Networking Storage and Analysis},
 series = {SCC '12},
 year = {2012},
 isbn = {978-0-7695-4956-9},
 pages = {366--376},
 numpages = {11},
 url = {http://dx.doi.org/10.1109/SC.Companion.2012.56},
 doi = {10.1109/SC.Companion.2012.56},
 acmid = {2476902},
 publisher = {IEEE Computer Society},
 address = {Washington, DC, USA},
 keywords = {parallel discrete event simulation, dragonfly, ROSS, routing},
} 

@inproceedings{slimfly,
  author       = {Wolfe, Noah and Mubarak, Misbah and Carothers, Christopher and Ross, Robert and Carns, Philip},
  title        = {Modeling a Million-Node Slim Fly Network Using Parallel Discrete-Event Simulation},
  date         = 2016,
  booktitle    = {SIGSIM-PADS '16},
  booktitleaddon= {Proceedings of the 4th ACM Conference on SIGSIM-Principles of Advanced Discrete Simulation},
  eventdate    = {2016-05-15/2016-05-18},
  location     = {Banff, AB, Canada},
  doi            = {http://dx.doi.org/10.1145/2901378.2901389}
} 
